<record><leader>00000cas a2200000 a 4500</leader><controlfield tag="001">2451277</controlfield><controlfield tag="008">760712d19361950dcuwr n       0   a0eng c</controlfield><datafield ind1=" " ind2=" " tag="010"><subfield code="a">sn 95023388 </subfield></datafield><datafield ind1=" " ind2=" " tag="040"><subfield code="a">QPR</subfield><subfield code="b">eng</subfield><subfield code="c">QPR</subfield><subfield code="d">MUL</subfield><subfield code="d">EYM</subfield><subfield code="d">NVJ</subfield><subfield code="d">OCL</subfield><subfield code="d">OCLCQ</subfield><subfield code="d">OCLCF</subfield><subfield code="d">OCLCO</subfield><subfield code="d">OCLCA</subfield></datafield><datafield ind1=" " ind2=" " tag="012"><subfield code="i">9503</subfield></datafield><datafield ind1="1" ind2=" " tag="029"><subfield code="a">AU@</subfield><subfield code="b">000012204094</subfield></datafield><datafield ind1=" " ind2=" " tag="042"><subfield code="a">pcc</subfield></datafield><datafield ind1=" " ind2=" " tag="043"><subfield code="a">n-us---</subfield></datafield><datafield ind1=" " ind2=" " tag="090"><subfield code="a">HD8055.C75</subfield><subfield code="b">U5</subfield></datafield><datafield ind1="0" ind2="0" tag="245"><subfield code="a">Union news service.</subfield></datafield><datafield ind1="1" ind2="3" tag="246"><subfield code="a">Union news</subfield></datafield><datafield ind1=" " ind2=" " tag="260"><subfield code="a">Washington, D.C. :</subfield><subfield code="b">Committee for Industrial Organization</subfield></datafield><datafield ind1=" " ind2=" " tag="300"><subfield code="a">v.</subfield></datafield><datafield ind1=" " ind2=" " tag="310"><subfield code="a">Weekly</subfield></datafield><datafield ind1="1" ind2=" " tag="362"><subfield code="a">Began with: Vol. 1, no. 1 (Jan. 20, 1936); ceased with: vol. 13, no. 6 (Feb. 6, 1950).</subfield></datafield><datafield ind1=" " ind2=" " tag="530"><subfield code="a">Also issued on microfilm.</subfield></datafield><datafield ind1=" " ind2=" " tag="550"><subfield code="a">Issued &lt;1944&gt;-1950 by the: Congress of Industrial Organizations.</subfield></datafield><datafield ind1=" " ind2=" " tag="588"><subfield code="a">Description based on surrogate of: Vol. 1, no. 8 (Mar. 9, 1936).</subfield></datafield><datafield ind1=" " ind2=" " tag="588"><subfield code="a">Latest issue consulted: Vol. 9, no. 27 (July 1, 1944) (surrogate).</subfield></datafield><datafield ind1="2" ind2="0" tag="610"><subfield code="a">American Federation of Labor.</subfield><subfield code="b">Committee for Industrial Organization</subfield><subfield code="v">Newspapers.</subfield></datafield><datafield ind1="2" ind2="0" tag="610"><subfield code="a">American Federation of Labor</subfield><subfield code="v">Newspapers.</subfield></datafield><datafield ind1="2" ind2="0" tag="610"><subfield code="a">Congress of Industrial Organizations (U.S.)</subfield><subfield code="v">Newspapers.</subfield></datafield><datafield ind1=" " ind2="0" tag="650"><subfield code="a">Labor unions</subfield><subfield code="z">United States</subfield><subfield code="v">Newspapers.</subfield></datafield><datafield ind1=" " ind2="0" tag="650"><subfield code="a">Labor movement</subfield><subfield code="z">United States</subfield><subfield code="v">Newspapers.</subfield></datafield><datafield ind1=" " ind2="7" tag="655"><subfield code="a">Newspapers.</subfield><subfield code="2">fast</subfield><subfield code="0">(OCoLC)fst01423814</subfield></datafield><datafield ind1="2" ind2="7" tag="610"><subfield code="a">American Federation of Labor.</subfield><subfield code="2">fast</subfield><subfield code="0">(OCoLC)fst00535672</subfield></datafield><datafield ind1="2" ind2="7" tag="610"><subfield code="a">American Federation of Labor.</subfield><subfield code="b">Committee for Industrial Organization.</subfield><subfield code="2">fast</subfield><subfield code="0">(OCoLC)fst00610295</subfield></datafield><datafield ind1="2" ind2="7" tag="610"><subfield code="a">Congress of Industrial Organizations (U.S.)</subfield><subfield code="2">fast</subfield><subfield code="0">(OCoLC)fst00546250</subfield></datafield><datafield ind1=" " ind2="7" tag="650"><subfield code="a">Labor movement.</subfield><subfield code="2">fast</subfield><subfield code="0">(OCoLC)fst00990079</subfield></datafield><datafield ind1=" " ind2="7" tag="650"><subfield code="a">Labor unions.</subfield><subfield code="2">fast</subfield><subfield code="0">(OCoLC)fst00990260</subfield></datafield><datafield ind1=" " ind2="7" tag="651"><subfield code="a">United States.</subfield><subfield code="2">fast</subfield><subfield code="0">(OCoLC)fst01204155</subfield></datafield><datafield ind1="2" ind2=" " tag="710"><subfield code="a">American Federation of Labor.</subfield><subfield code="b">Committee for Industrial Organization.</subfield></datafield><datafield ind1="2" ind2=" " tag="710"><subfield code="a">Congress of Industrial Organizations (U.S.)</subfield></datafield><datafield ind1=" " ind2=" " tag="850"><subfield code="a">MiU</subfield></datafield></record>